

@misc{BGGHanabi,
  author = {{Board Game Geek}},
  title = {{Hanabi}},
  note = {Accessed 25. April 2023 \url{https://boardgamegeek.com/boardgame/98778/hanabi}}
}

@article{CoxEtAl2015,
author = {Christopher Cox and Jessica De Silva and Philip Deorsey and Franklin H. J. Kenter and Troy Retter and Josh Tobin},
title = {How to Make the Perfect Fireworks Display: Two Strategies for Hanabi},
journal = {Mathematics Magazine},
volume = {88},
number = {5},
pages = {323-336},
year  = {2015},
publisher = {Taylor & Francis},
doi = {10.4169/math.mag.88.5.323},

URL = { 
    
        https://doi.org/10.4169/math.mag.88.5.323
    
    

},
eprint = { 
    
        https://doi.org/10.4169/math.mag.88.5.323
    
    

}

}


